<?xml version="1.0" encoding="UTF-8"?><collection xmlns="http://www.loc.gov/MARC21/slim"><record><leader>00519nam--2200133-i-4500</leader><controlfield tag="001">000042895</controlfield><controlfield tag="002">20161230</controlfield><controlfield tag="005">20161230201043</controlfield><controlfield tag="008">060222s1000------------r-----000-0-eng-d</controlfield><datafield ind1=" " ind2=" " tag="080"><subfield code="a">621.039.83:539.12.04</subfield></datafield><datafield ind1=" " ind2=" " tag="245"><subfield code="a">Sterilization and preservation of biological tissues by ionizing radiation. report of a panel on radiation sterilizatiion of biological tissues for transplantation ofg.by the iaea and held in budapest, 16-20 june, 1969</subfield></datafield><datafield ind1=" " ind2=" " tag="260"><subfield code="a">Vienna, Iaea, 1970. 122 P</subfield></datafield><datafield ind1=" " ind2=" " tag="490"><subfield code="a">Panel Proc.Series</subfield></datafield><datafield ind1=" " ind2=" " tag="852"><subfield code="a">32997</subfield></datafield></record></collection>